% ==============================================================================
% TYPOGRAPHY AND DESIGN REFERENCES
% ==============================================================================
% Core foundational works that inform the paperstyle.sty design philosophy

@book{butterick2019practical,
  title = {Practical Typography},
  author = {Matthew Butterick},
  edition = {2},
  year = {2019},
  url = {https://practicaltypography.com},
  urldate = {2025-07-02},
  note = {Available online},
  annotation = {Primary reference for practical typography principles, baseline grids, and professional polish. Emphasizes reader-focused optimization and systematic approach to document design.}
}

@book{brown2018flexible,
  title = {Flexible Typographic Systems},
  author = {Tim Brown},
  publisher = {A Book Apart},
  year = {2018},
  address = {New York},
  isbn = {978-1-937557-69-5},
  annotation = {Core reference for modular scale typography using mathematical ratios (Perfect Fourth 1.333) to create harmonious hierarchical relationships.}
}

@book{hochuli1987detail,
  title = {Detail in Typography},
  author = {Jost Hochuli},
  publisher = {Hyphen Press},
  year = {1987},
  address = {London},
  note = {Revised edition 2008},
  isbn = {978-0-907259-34-3},
  annotation = {Essential reference for micro-typographic excellence, typeface-specific optimizations, and archival-quality typesetting. Provides foundation for enhanced microtype configuration.}
}

@book{bringhurst2012elements,
  title = {The Elements of Typographic Style},
  author = {Robert Bringhurst},
  publisher = {Hartley \& Marks},
  edition = {4},
  year = {2012},
  address = {Vancouver},
  isbn = {978-0-88179-205-5},
  annotation = {Classical reference for typographic principles, though not directly implemented in paperstyle.sty. Provides historical context and foundational knowledge.}
}

% ==============================================================================
% LATEX AND TECHNICAL TYPOGRAPHY REFERENCES
% ==============================================================================
% Technical documentation and LaTeX-specific typography resources

@manual{latex2e2024,
  title = {{\LaTeX} 2e: An unofficial reference manual},
  author = {Karl Berry and others},
  year = {2024},
  organization = {{\TeX} Users Group},
  url = {https://latexref.xyz},
  annotation = {Comprehensive LaTeX reference for technical implementation details.}
}

@book{mittelbach2004latex,
  title = {The {\LaTeX} Companion},
  author = {Frank Mittelbach and Michel Goossens and Johannes Braams and David Carlisle and Chris Rowley},
  publisher = {Addison-Wesley},
  edition = {2},
  year = {2004},
  address = {Boston},
  isbn = {978-0-201-36299-2},
  annotation = {Authoritative reference for advanced LaTeX techniques and package development.}
}

@article{thanh2000microtypography,
  title = {Micro-typographic extensions to the {\TeX} typesetting system},
  author = {H\`{a}n Th\`{e} Th\`{a}nh},
  journal = {TUGboat},
  volume = {21},
  number = {4},
  pages = {317--434},
  year = {2000},
  annotation = {Foundational work on micro-typography in TeX, basis for microtype package optimizations used in paperstyle.sty.}
}

% ==============================================================================
% FONT AND TYPEFACE REFERENCES
% ==============================================================================
% Documentation for specific fonts and typeface families used

@misc{fbb2020,
  title = {fbb: A Bembo-like font family},
  author = {Michael Sharpe},
  year = {2020},
  howpublished = {CTAN package},
  url = {https://ctan.org/pkg/fbb},
  annotation = {Documentation for fbb package providing Bembo revival with Renaissance features (altP, osf, p, sups, swashQ).}
}

@misc{newtx2024,
  title = {newtx: Alternative uses of the TX fonts, with improved metrics},
  author = {Michael Sharpe},
  year = {2024},
  howpublished = {CTAN package},
  url = {https://ctan.org/pkg/newtx},
  annotation = {Technical documentation for newtxmath package providing harmonized serif mathematics for Bembo integration.}
}

@misc{zi42019,
  title = {inconsolata: A monospaced font, with support files for use with {\TeX}},
  author = {Michael Sharpe},
  year = {2019},
  howpublished = {CTAN package},
  url = {https://ctan.org/pkg/inconsolata},
  annotation = {Documentation for zi4 package providing Inconsolata with optimized scaling (93\%) for Bembo harmony.}
}

% ==============================================================================
% ACADEMIC WRITING AND CHICAGO STYLE REFERENCES
% ==============================================================================
% Citation style and academic writing standards

@manual{chicago2017manual,
  title = {The Chicago Manual of Style},
  author = {{University of Chicago Press}},
  edition = {17},
  year = {2017},
  publisher = {University of Chicago Press},
  address = {Chicago},
  isbn = {978-0-226-28705-8},
  annotation = {Authoritative reference for appendix formatting and academic citation standards implemented in documentAppendices environment.}
}

@book{williams2014style,
  title = {Style: Lessons in Clarity and Grace},
  author = {Joseph M. Williams and Joseph Bizup},
  publisher = {Pearson},
  edition = {12},
  year = {2014},
  address = {Boston},
  isbn = {978-0-321-89868-4},
  annotation = {Reference for clear academic writing principles that complement typographic excellence.}
}

% ==============================================================================
% COLOR THEORY AND ACCESSIBILITY REFERENCES  
% ==============================================================================
% Standards for professional color usage and accessibility compliance

@techreport{wcag2018,
  title = {Web Content Accessibility Guidelines (WCAG) 2.1},
  author = {{W3C Web Accessibility Initiative}},
  institution = {World Wide Web Consortium},
  year = {2018},
  type = {W3C Recommendation},
  url = {https://www.w3.org/TR/WCAG21/},
  annotation = {Accessibility standards (WCAG 2.1 AA) implemented in paperstyle.sty color system for enhanced contrast and readability.}
}

@book{stone2006color,
  title = {A Field Guide to Digital Color},
  author = {Maureen C. Stone},
  publisher = {A K Peters},
  year = {2006},
  address = {Wellesley, MA},
  isbn = {978-1-56881-254-1},
  annotation = {Reference for professional color theory informing the semantic color system in paperstyle.sty.}
}

% ==============================================================================
% MATHEMATICAL TYPOGRAPHY REFERENCES
% ==============================================================================
% Specialized references for mathematical and scientific typography

@book{knuth1986texbook,
  title = {The {\TeX}book},
  author = {Donald E. Knuth},
  publisher = {Addison-Wesley},
  year = {1986},
  address = {Reading, MA},
  isbn = {978-0-201-13447-6},
  annotation = {Foundational reference for mathematical typography principles implemented in enhanced math commands.}
}

@article{downes2002amsmath,
  title = {The amsmath package},
  author = {Michael J. Downes and David M. Jones and others},
  journal = {American Mathematical Society},
  year = {2002},
  url = {https://ctan.org/pkg/amsmath},
  urldate = {2025-06-28},
  annotation = {Technical documentation for mathematical typography foundation underlying semantic math commands.}
}

% ==============================================================================
% EXAMPLE ENTRIES DEMONSTRATING BIBLATEX FEATURES
% ==============================================================================
% These entries showcase various biblatex capabilities and field types

@article{example2023doi,
  title = {Advanced Typography in Academic Publishing},
  author = {Jane A. Smith and Robert B. Johnson},
  journal = {Journal of Academic Design},
  volume = {15},
  number = {3},
  pages = {245--267},
  year = {2023},
  doi = {10.1000/journal.example.2023.15.3.245},
  annotation = {Example entry demonstrating DOI integration with automatic linking in professional navy blue color.}
}

@inproceedings{conference2023proceedings,
  title = {Systematic Approaches to Document Design},
  author = {Alice M. Wilson and David L. Chen and Sarah K. Thompson},
  booktitle = {Proceedings of the International Conference on Typography and Design},
  pages = {123--135},
  year = {2023},
  address = {New York},
  publisher = {Academic Press},
  editor = {Michael R. Davis},
  doi = {10.1109/ICTD.2023.1234567},
  annotation = {Conference proceedings entry showing multi-author formatting and DOI integration.}
}

@misc{arxiv2023preprint,
  title = {Machine Learning Approaches to Typographic Optimization},
  author = {Emma J. Rodriguez and Thomas A. Kim},
  year = {2023},
  eprint = {2301.12345},
  eprinttype = {arxiv},
  eprintclass = {cs.HC},
  annotation = {Preprint example demonstrating arXiv integration with automatic URL generation and professional formatting.}
}

@online{website2023guidelines,
  title = {Web Typography Guidelines for Academic Institutions},
  author = {{University Typography Consortium}},
  year = {2023},
  url = {https://typography.edu/guidelines/academic},
  urldate = {2025-06-28},
  annotation = {Online resource demonstrating URL formatting with organization as author and proper access date documentation.}
}

@book{edited2023handbook,
  title = {The Handbook of Modern Typography},
  editor = {Jennifer L. Adams and Christopher M. Taylor},
  edition = {3},
  year = {2023},
  publisher = {University Press},
  address = {Cambridge},
  isbn = {978-0-123456-78-9},
  doi = {10.1017/handbook.typography.2023},
  annotation = {Edited volume example showing ISBN and DOI combination for comprehensive referencing.}
}

@thesis{phd2022dissertation,
  title = {Computational Methods for Optimal Typography Systems},
  author = {Maria C. Gonzalez},
  type = {PhD dissertation},
  institution = {Stanford University},
  address = {Stanford, CA},
  year = {2022},
  url = {https://purl.stanford.edu/abc123def456},
  urldate = {2025-06-28},
  annotation = {Dissertation example demonstrating institutional repository linking and proper thesis formatting.}
}